% -----------------------------------------------------------------------
% File: CogSci_Template.bib
% -----------------------------------------------------------------------

% Modified : Eli M. Silk (esilk at pitt.edu)            05/24/2005
% Modified : David Noelle (dnoelle at ucmerced.edu)     11/19/2014


@article{Metzing2003,
author = {Metzing, Charles and Brennan, Susan E.},
journal = {Journal of Memory and Language},
number = {2},
pages = {201--213},
title = {When conceptual pacts are broken: {P}artner-specific effects on the comprehension of referring expressions},
volume = {49},
year = {2003}
}

@article{Liberman1967,
author = {Liberman, Alvin M. and Cooper, Franklin S. and Shankweiler, Donald P. and Studdert-Kennedy, Michael},
journal = {Psychological Review},
number = {6},
pages = {431--461},
title = {Perception of the Speech Code},
volume = {74},
year = {1967}
}

@article{Norris2003,
author = {Norris, Dennis and McQueen, James M. and Cutler, Anne},
journal = {Cognitive Psychology},
number = {2},
pages = {204--238},
pmid = {12948518},
title = {Perceptual learning in speech},
volume = {47},
year = {2003}
}

@article{Yildirim2016,
author = {Yildirim, Ilker and Degen, Judith and Tanenhaus, Michael K. and Jaeger, T. Florian},
journal = {Journal of Memory and Language},
title = {Talker-specificity and adaptation in quantifier interpretation},
volume = {87},
year = {2016}
}

@article{Schuster2020,
 title={I know what you're probably going to say:  Listener adaptation to variable use of uncertainty expressions},
 author={Schuster, Sebastian and Degen, Judith},
 year={2020},
 journal={Cognition},
 volume={203},
 doi={10.1016/j.cognition.2020.104285}
}

@article{Kamide2012,
author = {Kamide, Yuki},
journal = {Cognition},
number = {1},
title = {Learning individual talkers' structural preferences},
volume = {124},
year = {2012}
}

@article{Kleinschmidt2015,
author = {Kleinschmidt, Dave F. and Jaeger, T. Florian},
journal = {Psychological Review},
number = {2},
title = {Robust speech perception: {R}ecognize the familiar, generalize to the similar, and adapt to the novel.},
volume = {122},
year = {2015}
}


@article{Kleinschmidt2019,
author = {Kleinschmidt, Dave F.},
journal = {Language, Cognition and Neuroscience},
number = {1},
pages = {43--68},
title = {Structure in talker variability: {H}ow much is there and how much can it help?},
volume = {34},
year = {2019}
}

@article{Roettger2019,
author = {Roettger, Timo B. and Franke, Michael},
journal = {Cognitive Science},
pages = {e12745},
title = {Evidential strength of intonational cues and rationaladaptation to (un-)reliable intonation},
volume = {43},
year = {2019}
}

@article{Fine2016,
author = {Fine, Alex B. and Jaeger, T. Florian},
journal = {Journal of Experimental Psychology: Learning Memory and Cognition},
number = {9},
title = {The role of verb repetition in cumulative structural priming in comprehension},
volume = {42},
year = {2016}
}


@article{Kraljic2007,
author = {Kraljic, Tanya and Samuel, Arthur G.},
journal = {Journal of Memory and Language},
number = {1},
title = {Perceptual adjustments to multiple speakers},
volume = {56},
year = {2007}
}

@article{Bradlow2008,
author = {Bradlow, Ann R. and Bent, Tessa},
journal = {Cognition},
number = {2},
title = {Perceptual adaptation to non-native speech},
volume = {106},
year = {2008}
}

@article{Clark2013,
author = {Clark, Andy},
journal = {Behavioral and Brain Sciences},
number = {3},
pages = {181--204},
title = {Whatever next? {P}redictive brains, situated agents, and the future of cognitive science},
volume = {36},
year = {2013}
}

@article{Weiner1983, 
title={Constraints on the agentless passive}, 
volume={19}, 
number={1}, 
journal={Journal of Linguistics},
publisher={Cambridge University Press}, 
author={Weiner, E. Judith and Labov, William}, 
year={1983}, pages={29--58}
}

@incollection{Finegan2001,
author = {Finegan, E. and Biber, D.},
booktitle = {Style and {S}ociolinguistic {V}ariation},
pages = {235--267},
title = {Register variation and social dialect variation: {T}he register axiom},
year = {2001}
}

@article{Horton2005,
author = {Horton, William S. and Gerrig, Richard J.},
journal = {Cognition},
number = {2},
pages = {127--142},
title = {The impact of memory demands on audience design during language production},
volume = {96},
year = {2005}
}

@inproceedings{Hawkins2017,
author = {Hawkins, Robert X. D. and Frank, Michael C. and Goodman, Noah D.},
booktitle = {{Proceedings of the 39th Annual Meeting of the Cognitive Science Society (CogSci 2017)}},
pages = {482--487},
title = {Convention-formation in iterated reference games},
year = {2017}
}





@article{Kraljic2005,
author = {Kraljic, Tanya and Samuel, Arthur G.},
journal = {Cognitive Psychology},
number = {2},
title = {Perceptual learning for speech: {I}s there a return to normal?},
volume = {51},
year = {2005}
}

@inproceedings{Kurumada2012,
author = {Kurumada, Chigusa and Brown, Meredith and Tanenhaus, Michael K.},
booktitle = {Proc. of {CogSci 2012}},
title = {Pragmatic interpretation of contrastive prosody: {I}t looks like speech adaptation},
year = {2012}
}

@inproceedings{Kleinschmidt2012,
author = {Kleinschmidt, Dave F. and Fine, Alex B. and Jaeger, T. Florian},
booktitle = {Proc. of {CogSci 2012}},
title = {A belief-updating model of adaptation and cue combination in syntactic comprehension},
year = {2012}
}

@article{Kraljic2008,
author = {Kraljic, Tanya and Samuel, Arthur G. and Brennan, Susan E.},
journal = {Psychological Science},
number = {4},
title = {First Impressions and Last Resorts: How Listeners Adjust to Speaker Variability},
volume = {19},
year = {2008}
}

@article{Jaeger2013,
author = {Jaeger, T. Florian and Snider, Neal E.},
journal = {Cognition},
number = {1},
title = {Alignment as a consequence of expectation adaptation: {S}yntactic priming is affected by the prime's prediction error given both prior and recent experience},
volume = {127},
year = {2013}
}

@article{Chang2006,
author = {Chang, Franklin and Dell, Gary S. and Bock, Kathryn},
journal = {Psychological Review},
number = {2},
title = {Becoming Syntactic},
volume = {113},
year = {2006}
}

@incollection{Grodner2011,
  title={The Effect of Speaker-Specific Information on Pragmatic Inferences},
  author={Grodner, Daniel and Sedivy, Julie C.},
  booktitle={The Processing and Acquisition of Reference},
  pages={239--272},
  year={2011},
  publisher={MIT Press}
}

@article{Scholler2017,
author = {Sch{\"{o}}ller, Anthea and Franke, Michael},
doi = {10.1515/lingvan-2016-0072},
journal = {Linguistics Vanguard},
number = {1},
pages = {1--15},
title = {Semantic values as latent parameters: {T}esting a fixed threshold hypothesis for cardinal readings of few {\&} many},
volume = {3},
year = {2017}
}

@incollection{Clark1991,
author = {Clark, Herbert H.},
booktitle = {The perception of structure: Essays in honor of Wendell R. Garner.},
doi = {10.1037/10101-016},
editor = {Lockhead, G. R. and Pomerantz, J. R.},
pages = {263--277},
title = {Words, the world, and their possibilities},
year = {1991}
}

@article{Wallsten1986b,
author = {Wallsten, Thomas S. and Fillenbaum, Samuel and Cox, James A.},
doi = {10.1016/0749-596X(86)90012-4},
journal = {Journal of Memory and Language},
number = {5},
pages = {571--587},
title = {Base rate effects on the interpretations of probability and frequency expressions},
volume = {25},
year = {1986}
}

@article{Pighin2011,
author = {Pighin, Stefania and Bonnefon, Jean-Fran{\c{c}}ois},
doi = {10.1016/j.pec.2010.09.005},
journal = {Patient Education and Counseling},
number = {2},
pages = {169--172},
title = {Facework and uncertain reasoning in health communication},
volume = {85},
year = {2011}
}

@book{Pearl1988,
author = {Pearl, Judea},
doi = {10.5555/534975},
publisher = {Morgan Kaufmann},
title = {Probabilistic Reasoning in Intelligent Systems: Networks of Plausible Inference},
year = {1988}
}

@book{Marr1982,
address = {San Francisco},
author = {Marr, David},
publisher = {W.H. Freeman and Company},
title = {Vision},
year = {1982}
}

@book{Anderson1990,
address = {Hillsdale},
author = {Anderson, John R.},
publisher = {Lawrence Erlbaum Associates},
title = {The Adaptive Character of Thought},
year = {1990}
}

@article{Goodman2016,
author = {Goodman, Noah D. and Frank, Michael C.},
doi = {10.1016/j.tics.2016.08.005},
journal = {Trends in Cognitive Sciences},
number = {11},
pages = {818--829},
title = {Pragmatic Language Interpretation as Probabilistic Inference},
volume = {20},
year = {2016}
}


@incollection{Huber2008,
author = {Huber, David E.},
booktitle = {The Probabilistic Mind: Prospects for Bayesian cognitive science},
doi = {10.1093/acprof:oso/9780199216093.001.0001},
editor = {Chater, Nick and Oaksford, Mike},
pages = {351--376},
publisher = {Oxford University Press},
title = {Causality in time: Explaining away the future and the past},
year = {2008}
}

@article{Murray2002,
author = {Murray, Scott O. and Kersten, Daniel and Olshausen, Bruno A. and Schrater, Paul and Woods, David L.},
doi = {10.1073/pnas.192579399},
journal = {Proceedings of the National Academy of Sciences},
number = {23},
pages = {15164--15169},
title = {Shape perception reduces activity in human primary visual cortex},
volume = {99},
year = {2002}
}

@article{Morris1995,
author = {Morris, Michael W. and Larrick, Richard P.},
doi = {10.1037/0033-295X.102.2.331},
journal = {Psychological Review},
number = {2},
pages = {331--355},
title = {When one cause casts doubt on another: A normative analysis of discounting in causal attribution},
volume = {102},
year = {1995}
}

@article{Tenenbaum2002,
author = {Tenenbaum, Joshua and Griffiths, Thomas},
journal = {Advances in Neural Information Processing Systems 15},
pages = {43--50},
title = {Theory-based causal inference},
year = {2002}
}

@article{Rehder2017,
author = {Rehder, Bob and Waldmann, Michael R.},
doi = {10.3758/s13421-016-0662-3},
journal = {Memory {\&} Cognition},
number = {2},
pages = {245--260},
title = {Failures of explaining away and screening off in described versus experienced causal learning scenarios},
volume = {45},
year = {2017}
}

@article{Pickering2004,
author = {Pickering, Martin J. and Garrod, Simon},
doi = {10.1017/S0140525X04000056},
journal = {Behavioral and Brain Sciences},
number = {2},
pages = {169--226},
title = {Toward a mechanistic psychology of dialogue},
volume = {27},
year = {2004}
}




% -----------------------------------------------------------------------
% Document End
% -----------------------------------------------------------------------
