% -----------------------------------------------------------------------
% File: CogSci_Template.bib
% -----------------------------------------------------------------------

% Modified : Eli M. Silk (esilk at pitt.edu)            05/24/2005
% Modified : David Noelle (dnoelle at ucmerced.edu)     11/19/2014


@article{Metzing2003,
author = {Metzing, Charles and Brennan, Susan E.},
journal = {Journal of Memory and Language},
number = {2},
pages = {201--213},
title = {When conceptual pacts are broken: {P}artner-specific effects on the comprehension of referring expressions},
volume = {49},
year = {2003}
}

@article{Liberman1967,
author = {Liberman, Alvin M. and Cooper, Franklin S. and Shankweiler, Donald P. and Studdert-Kennedy, Michael},
journal = {Psychological Review},
number = {6},
pages = {431--461},
title = {Perception of the Speech Code},
volume = {74},
year = {1967}
}

@article{Norris2003,
author = {Norris, Dennis and McQueen, James M. and Cutler, Anne},
journal = {Cognitive Psychology},
number = {2},
pages = {204--238},
pmid = {12948518},
title = {Perceptual learning in speech},
volume = {47},
year = {2003}
}

@article{Yildirim2016,
author = {Yildirim, Ilker and Degen, Judith and Tanenhaus, Michael K. and Jaeger, T. Florian},
journal = {Journal of Memory and Language},
title = {Talker-specificity and adaptation in quantifier interpretation},
volume = {87},
year = {2016}
}

@misc{Schuster2019,
 title={I know what you're probably going to say:  Listener adaptation to variable use of uncertainty expressions},
 url={psyarxiv.com/8w6xc},
 author={Schuster, Sebastian and Degen, Judith},
 year={2019}
}

@article{Kamide2012,
author = {Kamide, Yuki},
journal = {Cognition},
number = {1},
title = {Learning individual talkers' structural preferences},
volume = {124},
year = {2012}
}

@article{Kleinschmidt2015,
author = {Kleinschmidt, Dave F. and Jaeger, T. Florian},
journal = {Psychological Review},
number = {2},
title = {Robust speech perception: {R}ecognize the familiar, generalize to the similar, and adapt to the novel.},
volume = {122},
year = {2015}
}


@article{Kleinschmidt2019,
author = {Kleinschmidt, Dave F.},
journal = {Language, Cognition and Neuroscience},
number = {1},
pages = {43--68},
title = {Structure in talker variability: {H}ow much is there and how much can it help?},
volume = {34},
year = {2019}
}

@article{Roettger2019,
author = {Roettger, Timo B. and Franke, Michael},
journal = {Cognitive Science},
pages = {e12745},
title = {Evidential strength of intonational cues and rationaladaptation to (un-)reliable intonation},
volume = {43},
year = {2019}
}

@article{Fine2016,
author = {Fine, Alex B. and Jaeger, T. Florian},
journal = {Journal of Experimental Psychology: Learning Memory and Cognition},
number = {9},
title = {The role of verb repetition in cumulative structural priming in comprehension},
volume = {42},
year = {2016}
}


@article{Kraljic2007,
author = {Kraljic, Tanya and Samuel, Arthur G.},
journal = {Journal of Memory and Language},
number = {1},
title = {Perceptual adjustments to multiple speakers},
volume = {56},
year = {2007}
}

@article{Bradlow2008,
author = {Bradlow, Ann R. and Bent, Tessa},
journal = {Cognition},
number = {2},
title = {Perceptual adaptation to non-native speech},
volume = {106},
year = {2008}
}

@article{Clark2013,
author = {Clark, Andy},
journal = {Behavioral and Brain Sciences},
number = {3},
pages = {181--204},
title = {Whatever next? {P}redictive brains, situated agents, and the future of cognitive science},
volume = {36},
year = {2013}
}

@article{Weiner1983, 
title={Constraints on the agentless passive}, 
volume={19}, 
number={1}, 
journal={Journal of Linguistics},
publisher={Cambridge University Press}, 
author={Weiner, E. Judith and Labov, William}, 
year={1983}, pages={29--58}
}

@incollection{Finegan2001,
author = {Finegan, E. and Biber, D.},
booktitle = {Style and {S}ociolinguistic {V}ariation},
pages = {235--267},
title = {Register variation and social dialect variation: {T}he register axiom},
year = {2001}
}

@article{Horton2005,
author = {Horton, William S. and Gerrig, Richard J.},
journal = {Cognition},
number = {2},
pages = {127--142},
title = {The impact of memory demands on audience design during language production},
volume = {96},
year = {2005}
}

@inproceedings{Hawkins2017,
author = {Hawkins, Robert X. D. and Frank, Michael C. and Goodman, Noah D.},
booktitle = {{Proceedings of the 39th Annual Meeting of the Cognitive Science Society (CogSci 2017)}},
pages = {482--487},
title = {Convention-formation in iterated reference games},
year = {2017}
}





@article{Kraljic2005,
author = {Kraljic, Tanya and Samuel, Arthur G.},
journal = {Cognitive Psychology},
number = {2},
title = {Perceptual learning for speech: {I}s there a return to normal?},
volume = {51},
year = {2005}
}

@inproceedings{Kurumada2012,
author = {Kurumada, Chigusa and Brown, Meredith and Tanenhaus, Michael K.},
booktitle = {Proc. of {CogSci 2012}},
title = {Pragmatic interpretation of contrastive prosody: {I}t looks like speech adaptation},
year = {2012}
}

@inproceedings{Kleinschmidt2012,
author = {Kleinschmidt, Dave F. and Fine, Alex B. and Jaeger, T. Florian},
booktitle = {Proc. of {CogSci 2012}},
title = {A belief-updating model of adaptation and cue combination in syntactic comprehension},
year = {2012}
}

@article{Kraljic2008,
author = {Kraljic, Tanya and Samuel, Arthur G. and Brennan, Susan E.},
journal = {Psychological Science},
number = {4},
title = {First Impressions and Last Resorts: How Listeners Adjust to Speaker Variability},
volume = {19},
year = {2008}
}

@article{Jaeger2013,
author = {Jaeger, T. Florian and Snider, Neal E.},
journal = {Cognition},
number = {1},
title = {Alignment as a consequence of expectation adaptation: {S}yntactic priming is affected by the prime's prediction error given both prior and recent experience},
volume = {127},
year = {2013}
}

@article{Chang2006,
author = {Chang, Franklin and Dell, Gary S. and Bock, Kathryn},
journal = {Psychological Review},
number = {2},
title = {Becoming Syntactic},
volume = {113},
year = {2006}
}

@incollection{Grodner2011,
  title={The Effect of Speaker-Specific Information on Pragmatic Inferences},
  author={Grodner, Daniel and Sedivy, Julie C.},
  booktitle={The Processing and Acquisition of Reference},
  pages={239--272},
  year={2011},
  publisher={MIT Press}
}



% -----------------------------------------------------------------------
% Document End
% -----------------------------------------------------------------------
